@book{cormen2002algoritmos,
  title={Algoritmos: teoria e pr{\'a}tica},
  author={Cormen, Thomas H},
  year={2002},
  publisher={Elsevier}
}

@book{netto2003grafos,
  title={Grafos: teoria, modelos, algoritmos},
  author={Netto, Paulo Oswaldo Boaventura},
  year={2003},
  publisher={Edgard Bl{\"u}cher}
}

@book{goldbarg2012grafos,
  title={Grafos: Conceitos, algoritmos e aplica{\c{c}}{\~o}es},
  author={Goldbarg, Marco},
  year={2012},
  publisher={Elsevier Brasil}
}

@article{hernandes2009problema,
  title={O problema de caminho m{\'\i}nimo com incertezas e restri{\c{c}}{\~o}es de tempo},
  author={Hernandes, F{\'a}bio and Berton, Lilian and Castanho, Maria Jos{\'e} de Paula},
  journal={Pesquisa Operacional},
  volume={29},
  number={2},
  pages={471--488},
  year={2009},
  publisher={SciELO Brasil}
}